/******************************************************************************
Use the https://www.doi2bib.org website to easily get well formated BibTex
entries.
******************************************************************************/

@article{Augie2022,
  title = {Geophysical assessment for gold mineralization potential over the southern part of Kebbi State using aeromagnetic data},
  volume = {48},
  ISSN = {2299-8004},
  url = {http://dx.doi.org/10.7494/geol.2022.48.2.177},
  DOI = {10.7494/geol.2022.48.2.177},
  number = {2},
  journal = {Geology,  Geophysics and Environment},
  publisher = {AGHU University of Science and Technology Press},
  author = {Augie,  Abdulrahaman Idris and Salako,  Kazeem Adeyinka and Rafiu,  Adewuyi Abdulwaheed and Jimoh,  Mufutau Owolabi},
  year = {2022},
  month = jun,
  pages = {177–193}
}

@article{An2015,
  title = {S‐velocity model and inferred Moho topography beneath the Antarctic Plate from Rayleigh waves},
  volume = {120},
  ISSN = {2169-9356},
  url = {http://dx.doi.org/10.1002/2014JB011332},
  DOI = {10.1002/2014jb011332},
  number = {1},
  journal = {Journal of Geophysical Research: Solid Earth},
  publisher = {American Geophysical Union (AGU)},
  author = {An,  Meijian and Wiens,  Douglas A. and Zhao,  Yue and Feng,  Mei and Nyblade,  Andrew A. and Kanao,  Masaki and Li,  Yuansheng and Maggi,  Alessia and Lév\^eque,  Jean‐Jacques},
  year = {2015},
  month = jan,
  pages = {359–383}
}

@article{Baranov2021,
  title = {ANTASed – An Updated Sediment Model for Antarctica},
  volume = {9},
  ISSN = {2296-6463},
  url = {http://dx.doi.org/10.3389/feart.2021.722699},
  DOI = {10.3389/feart.2021.722699},
  journal = {Frontiers in Earth Science},
  publisher = {Frontiers Media SA},
  author = {Baranov,  A. and Morelli,  A. and Chuvaev,  A.},
  year = {2021},
  month = aug 
}

@article{Cochran2012,
  title = {Inversion of IceBridge gravity data for continental shelf bathymetry beneath the Larsen Ice Shelf,  Antarctica},
  volume = {58},
  ISSN = {1727-5652},
  url = {http://dx.doi.org/10.3189/2012JoG11J033},
  DOI = {10.3189/2012jog11j033},
  number = {209},
  journal = {Journal of Glaciology},
  publisher = {International Glaciological Society},
  author = {Cochran,  James R. and Bell,  Robin E.},
  year = {2012},
  pages = {540–552}
}

@article{Constantino2020,
  title = {Seafloor Depth of George VI Sound,  Antarctic Peninsula,  From Inversion of Aerogravity Data},
  volume = {47},
  ISSN = {1944-8007},
  url = {http://dx.doi.org/10.1029/2020GL088654},
  DOI = {10.1029/2020gl088654},
  number = {21},
  journal = {Geophysical Research Letters},
  publisher = {American Geophysical Union (AGU)},
  author = {Constantino,  Renata R. and Tinto,  Kirsty J. and Bell,  Robin E. and Porter,  David F. and Jordan,  Tom A.},
  year = {2020},
  month = oct 
}

@article{Davey2006,
  title = {Extension in the western Ross Sea region‐links between Adare Basin and Victoria Land Basin},
  volume = {33},
  ISSN = {1944-8007},
  url = {http://dx.doi.org/10.1029/2006GL027383},
  DOI = {10.1029/2006gl027383},
  number = {20},
  journal = {Geophysical Research Letters},
  publisher = {American Geophysical Union (AGU)},
  author = {Davey,  F. J. and Cande,  S. C. and Stock,  J. M.},
  year = {2006},
  month = oct 
}

@article{Ferraccioli2002,
  title = {Aeromagnetic and gravity anomaly constraints for an early Paleozoic subduction system of Victoria Land,  Antarctica},
  volume = {29},
  ISSN = {1944-8007},
  url = {http://dx.doi.org/10.1029/2001GL014138},
  DOI = {10.1029/2001gl014138},
  number = {10},
  journal = {Geophysical Research Letters},
  publisher = {American Geophysical Union (AGU)},
  author = {Ferraccioli,  F. and Bozzo,  E. and Capponi,  G.},
  year = {2002},
  month = may 
}

@article{Geletti2011,
  title = {A double bottom simulating reflector in the western Ross Sea,  Antarctica},
  volume = {116},
  ISSN = {0148-0227},
  url = {http://dx.doi.org/10.1029/2010JB007864},
  DOI = {10.1029/2010jb007864},
  number = {B4},
  journal = {Journal of Geophysical Research},
  publisher = {American Geophysical Union (AGU)},
  author = {Geletti,  Riccardo and Busetti,  Martina},
  year = {2011},
  month = apr 
}

@article{Scheinert2016,
  title = {New Antarctic gravity anomaly grid for enhanced geodetic and geophysical studies in Antarctica},
  volume = {43},
  ISSN = {1944-8007},
  url = {http://dx.doi.org/10.1002/2015GL067439},
  DOI = {10.1002/2015gl067439},
  number = {2},
  journal = {Geophysical Research Letters},
  publisher = {American Geophysical Union (AGU)},
  author = {Scheinert,  M. and Ferraccioli,  F. and Schwabe,  J. and Bell,  R. and Studinger,  M. and Damaske,  D. and Jokat,  W. and Aleshkova,  N. and Jordan,  T. and Leitchenkov,  G. and Blankenship,  D. D. and Damiani,  T. M. and Young,  D. and Cochran,  J. R. and Richter,  T. D.},
  year = {2016},
  month = jan,
  pages = {600–610}
}

@article{Talwani1959,
  title = {Rapid gravity computations for two-dimensional bodies with application to the Mendocino submarine fracture zone},
  volume = {64},
  ISSN = {0148-0227},
  url = {http://dx.doi.org/10.1029/JZ064i001p00049},
  DOI = {10.1029/jz064i001p00049},
  number = {1},
  journal = {Journal of Geophysical Research},
  publisher = {American Geophysical Union (AGU)},
  author = {Talwani,  Manik and Worzel,  J. Lamar and Landisman,  Mark},
  year = {1959},
  month = jan,
  pages = {49–59}
}

@article{Heirtzler1964,
  title = {Computation of magnetic anomalies caused by two dimensional structures of arbitrary shape.},
  number = {1},
  journal = {Computers in the mineral industries, part 1},
  publisher = {Stanford University publications},
  author = {J. R. Heirtzler, G. Peter, M. Talwani and E. G. Zurflueh},
  year = {1964},
  pages = {464–480}
}

@article{Tinto2015,
  title = {Bathymetry in Petermann fjord from Operation IceBridge aerogravity},
  volume = {422},
  ISSN = {0012-821X},
  url = {http://dx.doi.org/10.1016/j.epsl.2015.04.009},
  DOI = {10.1016/j.epsl.2015.04.009},
  journal = {Earth and Planetary Science Letters},
  publisher = {Elsevier BV},
  author = {Tinto,  Kirsty J. and Bell,  Robin E. and Cochran,  James R. and M\"{u}nchow,  Andreas},
  year = {2015},
  month = jul,
  pages = {58–66}
}
